<?xml version="1.0" encoding="UTF-8"?><collection xmlns="http://www.loc.gov/MARC21/slim"><record><leader>00414nam--2200145-i-4500</leader><controlfield tag="001">000012684</controlfield><controlfield tag="002">20161230</controlfield><controlfield tag="005">20161230201029</controlfield><controlfield tag="008">060222s1000------------r-----000-0-eng-d</controlfield><datafield ind1=" " ind2=" " tag="080"><subfield code="a">621.039.534:577.346(047.3)</subfield></datafield><datafield ind1=" " ind2=" " tag="100"><subfield code="a">Acres, O.E.And Guthrie, J.E</subfield></datafield><datafield ind1=" " ind2=" " tag="245"><subfield code="a">Organic coolant toxicity of fish</subfield></datafield><datafield ind1=" " ind2=" " tag="260"><subfield code="a">Pinawa, Manitoba, Witechell Nuclear Research Establishment, 1968 14 P</subfield></datafield><datafield ind1=" " ind2=" " tag="490"><subfield code="a">3116</subfield></datafield><datafield ind1=" " ind2=" " tag="852"><subfield code="a">54695</subfield></datafield></record></collection>